@article{b1,
  title={On certain integrals of Lipschitz-Hankel type involving products of Bessel functions},
  author={Eason, G. and Noble, B. and Sneddon, I.N.},
  journal={Phil. Trans. Roy. Soc. London},
  volume={A247},
  pages={529--551},
  year={1955},
  month={April}
}

@book{b2,
  title={A Treatise on Electricity and Magnetism},
  author={Maxwell, J. Clerk},
  edition={3},
  volume={2},
  publisher={Oxford: Clarendon},
  year={1892},
  pages={68--73}
}

@inbook{b3,
  title={Fine particles, thin films and exchange anisotropy},
  author={Jacobs, I.S. and Bean, C.P.},
  booktitle={Magnetism},
  volume={III},
  editor={Rado, G.T. and Suhl, H.},
  publisher={New York: Academic},
  year={1963},
  pages={271--350}
}

@unpublished{b4,
  title={Title of paper if known},
  author={Elissa, K.}
}

@article{b5,
  title={Title of paper with only first word capitalized},
  author={Nicole, R.},
  journal={J. Name Stand. Abbrev.},
  note={in press}
}

@article{b6,
  title={Electron spectroscopy studies on magneto-optical media and plastic substrate interface},
  author={Yorozu, Y. and Hirano, M. and Oka, K. and Tagawa, Y.},
  journal={IEEE Transl. J. Magn. Japan},
  volume={2},
  pages={740--741},
  year={1987},
  month={August},
  note={Digests 9th Annual Conf. Magnetics Japan, p. 301, 1982}
}

@book{b7,
  title={The Technical Writer's Handbook},
  author={Young, M.},
  publisher={Mill Valley, CA: University Science},
  year={1989}
}

