@article{einstein,
  author          = {albert einstein},
  journal         = {name of journal},
  number          = {10},
  title           = {relativity theory},
  volume          = {232},
  year            = {1945},
  doi             = {10.1109/5.771073}
}